@inproceedings{o2001local,
  title={Local reasoning about programs that alter data structures},
  author={Oâ€™Hearn, Peter and Reynolds, John and Yang, Hongseok},
  booktitle={International Workshop on Computer Science Logic},
  pages={1--19},
  year={2001},
  organization={Springer}
}
